@article{lecun_zipcode,
  author          = "Y. LeCun et al.",
  title           = "Backpropagation applied to handwritten zip code recognition",
  year            = "1989"
}

@article{lecun_mnist,
  author          = "Y. LeCun et al.",
  title           = "Gradient-Based Learning Applied to Document Recognition",
  year            = "1998"
}